<collection xmlns="http://www.loc.gov/MARC21/slim">
<record>
  <leader>01108nam0a2200205 i 450 </leader>
  <controlfield tag="001">IT\ICCU\CNCE\077264</controlfield>
  <controlfield tag="005">20120504000000.0</controlfield>
  <datafield tag="012" ind1=" " ind2=" ">
    <subfield code="a">arua too, coa. deei (C) 1562 (Q)</subfield>
    <subfield code="2">fei</subfield>
  </datafield>
  <datafield tag="100" ind1=" " ind2=" ">
    <subfield code="a">20120202f1562        0itac0103    ba</subfield>
  </datafield>
  <datafield tag="101" ind1=" " ind2=" ">
    <subfield code="a">ITA</subfield>
  </datafield>
  <datafield tag="102" ind1=" " ind2=" ">
    <subfield code="a">IT</subfield>
  </datafield>
  <datafield tag="200" ind1="1" ind2=" ">
    <subfield code="a">℗La ℗pace fatta tra Ferdinando imperatore, et il Gran Turco, con li capituli mandati, &amp; confirmati tra questi due gran principi; col nome de&apos;personaggi venuti con l&apos;ambasciatori di esso turco. Et il ragionamento fatto da detto ambasciatori  ̉Ferdinando imperatore, &amp; principi dell&apos;imperio. Vedrasi parimente il gran presente mandato dall&apos;imperator de Turchi  ̉sua cesarea maest,̉ cosa bellissima &amp; deletteuole. Tradotta di lingua alemana nella italiana</subfield>
  </datafield>
  <datafield tag="210" ind1=" " ind2=" ">
    <subfield code="d">\non prima del 1562!</subfield>
  </datafield>
  <datafield tag="215" ind1=" " ind2=" ">
    <subfield code="a">\4! c.</subfield>
    <subfield code="d">4ʻ</subfield>
  </datafield>
  <datafield tag="300" ind1=" " ind2=" ">
    <subfield code="a">La data presunta si ricava da quella della pace fatta tra l&apos;imperatore d&apos;Austria e l&apos;impero Ottomano</subfield>
  </datafield>
  <datafield tag="710" ind1="0" ind2="2">
    <subfield code="a">Sacro Romano Impero</subfield>
    <subfield code="3">7041</subfield>
  </datafield>
  <datafield tag="712" ind1="0" ind2="2">
    <subfield code="a">Impero ottomano</subfield>
    <subfield code="3">29688</subfield>
  </datafield>
  <datafield tag="712" ind1="0" ind2="2">
    <subfield code="a">s.n.</subfield>
    <subfield code="3">IT\ICCU\CNCT\000002</subfield>
    <subfield code="4">650</subfield>
  </datafield>
  <datafield tag="801" ind1=" " ind2="3">
    <subfield code="a">IT</subfield>
    <subfield code="b">ICCU</subfield>
    <subfield code="c">20201115</subfield>
  </datafield>
  <datafield tag="899" ind1=" " ind2=" ">
    <subfield code="a">Biblioteca statale. Cremona</subfield>
    <subfield code="1">CR0062</subfield>
    <subfield code="2">LO1 28</subfield>
  </datafield>
</record>
</collection>
